<?xml version="1.0" encoding="UTF-8"?><collection xmlns="http://www.loc.gov/MARC21/slim"><record><leader>00371nam--2200133-i-4500</leader><controlfield tag="001">000017969</controlfield><controlfield tag="002">20161230</controlfield><controlfield tag="005">20161230201032</controlfield><controlfield tag="008">060222s1000------------r-----000-0-eng-d</controlfield><datafield ind1=" " ind2=" " tag="245"><subfield code="a">Electronic computers.principles and applications</subfield></datafield><datafield ind1=" " ind2=" " tag="260"><subfield code="a">London, Iliffe &amp; Sons, 1957. Viii+167 P.+14 Pl</subfield></datafield><datafield ind1=" " ind2=" " tag="490"><subfield code="a">A Wirekess Woold Publication</subfield></datafield><datafield ind1=" " ind2=" " tag="700"><subfield code="a">Ivall, T.E</subfield></datafield><datafield ind1=" " ind2=" " tag="852"><subfield code="a">12720</subfield></datafield></record></collection>